<record><leader>00000cas a2200000 a 4500</leader><controlfield tag="001">2685057</controlfield><controlfield tag="008">770118d19151917akuwr ne      0   a0eng  </controlfield><datafield ind1=" " ind2=" " tag="010"><subfield code="a">sn 84021931 </subfield><subfield code="z">   76644881 </subfield></datafield><datafield ind1=" " ind2=" " tag="040"><subfield code="a">DLC</subfield><subfield code="b">eng</subfield><subfield code="c">DLC</subfield><subfield code="d">ANE</subfield><subfield code="d">DLC</subfield><subfield code="d">OCLCO</subfield><subfield code="d">OCLCQ</subfield><subfield code="d">OCLCF</subfield></datafield><datafield ind1="1" ind2=" " tag="029"><subfield code="a">AU@</subfield><subfield code="b">000022770259</subfield></datafield><datafield ind1=" " ind2=" " tag="042"><subfield code="a">pcc</subfield></datafield><datafield ind1=" " ind2=" " tag="043"><subfield code="a">n-us-ak</subfield></datafield><datafield ind1="0" ind2="0" tag="050"><subfield code="a">Newspaper</subfield></datafield><datafield ind1="0" ind2=" " tag="130"><subfield code="a">Forty-ninth star (Valdez, Alaska)</subfield></datafield><datafield ind1="1" ind2="4" tag="245"><subfield code="a">The Forty-ninth star.</subfield></datafield><datafield ind1="3" ind2=" " tag="246"><subfield code="a">49th star</subfield></datafield><datafield ind1=" " ind2=" " tag="260"><subfield code="a">Valdez, Alaska :</subfield><subfield code="b">J.S. Heckey,</subfield><subfield code="c">1915-1917.</subfield></datafield><datafield ind1=" " ind2=" " tag="300"><subfield code="a">2 v.</subfield></datafield><datafield ind1=" " ind2=" " tag="310"><subfield code="a">Weekly</subfield></datafield><datafield ind1="0" ind2=" " tag="362"><subfield code="a">Vol. 1, no. 1 (Dec. 4, 1915)-v. 2, no. 12 (Feb. 25, 1917).</subfield></datafield><datafield ind1=" " ind2=" " tag="500"><subfield code="a">Published in Anchorage, Alaska, &lt;May 20, 1916&gt;-Feb. 25, 1917.</subfield></datafield><datafield ind1=" " ind2=" " tag="530"><subfield code="a">Available on microform the Library of Congress, Photoduplication Service.</subfield></datafield><datafield ind1=" " ind2="0" tag="651"><subfield code="a">Anchorage (Alaska)</subfield><subfield code="v">Newspapers.</subfield></datafield><datafield ind1=" " ind2="0" tag="651"><subfield code="a">Valdez (Alaska)</subfield><subfield code="v">Newspapers.</subfield></datafield><datafield ind1=" " ind2="7" tag="655"><subfield code="a">Newspapers.</subfield><subfield code="2">fast</subfield><subfield code="0">(OCoLC)fst01423814</subfield></datafield><datafield ind1=" " ind2="7" tag="651"><subfield code="a">Alaska</subfield><subfield code="z">Anchorage.</subfield><subfield code="2">fast</subfield><subfield code="0">(OCoLC)fst01212412</subfield></datafield><datafield ind1=" " ind2="7" tag="651"><subfield code="a">Alaska</subfield><subfield code="z">Valdez.</subfield><subfield code="2">fast</subfield><subfield code="0">(OCoLC)fst01217573</subfield></datafield><datafield ind1=" " ind2=" " tag="752"><subfield code="a">United States</subfield><subfield code="b">Alaska</subfield><subfield code="d">Anchorage.</subfield></datafield><datafield ind1=" " ind2=" " tag="752"><subfield code="a">United States</subfield><subfield code="b">Alaska</subfield><subfield code="d">Valdez.</subfield></datafield><datafield ind1="0" ind2="0" tag="785"><subfield code="a">Anchorage weekly democrat</subfield></datafield></record>